%%%%%%%%%%%%%%%%%%%%%%%%%%%%%%%%%%%%%%%%%%%%%%%%%%%%%%%%%%%%%%%%%%%%%%%%%%%%%%%%%%%%%%%%%%%%%%%%%%%%
%                                                                                                  %
%                                           BIBLIOGRAPHY                                           %
%                                                                                                  %
%%%%%%%%%%%%%%%%%%%%%%%%%%%%%%%%%%%%%%%%%%%%%%%%%%%%%%%%%%%%%%%%%%%%%%%%%%%%%%%%%%%%%%%%%%%%%%%%%%%%


@proceedings{bosch:cantiming,
    title={The Configuration of the CAN Bit Timing},
    author={Florian Hartwich, Armin Bassemir},
    organization={Robert Bosch GmbH},
    month={11},
    year={1999},
    url={http://www.oertel-halle.de/files/cia99paper.pdf},
    urldate={2020-08-01}
}
